<record xmlns="http://www.loc.gov/MARC21/slim" xmlns:xsi="http://www.w3.org/2001/XMLSchema-instance" xsi:schemaLocation="http://www.loc.gov/MARC21/slim http://www.loc.gov/standards/marcxml/schema/MARC21slim.xsd"><leader>01705nam a2200349   4500</leader><controlfield tag="001">001696994</controlfield><controlfield tag="003">NNU</controlfield><controlfield tag="006">m        d        </controlfield><controlfield tag="007">cr cn |||m|||a</controlfield><controlfield tag="008">150222q19501959ua      ob    000 0 ara d</controlfield><datafield ind1=" " ind2=" " tag="040"><subfield code="a">NNU</subfield><subfield code="b">eng</subfield><subfield code="c">NNU</subfield></datafield><datafield ind1=" " ind2=" " tag="066"><subfield code="c">(3</subfield></datafield><datafield ind1=" " ind2=" " tag="090"><subfield code="a">PJ7535</subfield><subfield code="b">.B2n</subfield></datafield><datafield ind1="1" ind2=" " tag="100"><subfield code="6">880-01</subfield><subfield code="a">Badaw&#299;, A&#7717;mad A&#7717;mad</subfield></datafield><datafield ind1="1" ind2="3" tag="245"><subfield code="6">880-02</subfield><subfield code="a">al-&#7716;ay&#257;h al-adab&#299;yah f&#299; &#699;a&#7779;r al-&#7716;ur&#363;b al-&#7778;al&#299;b&#299;yah bi-Mi&#7779;r wa-al-Sh&#257;m</subfield><subfield code="h">[electronic resource] /</subfield><subfield code="c">ta&#700;l&#299;f A&#7717;mad A&#7717;mad Badaw&#299;.</subfield></datafield><datafield ind1=" " ind2=" " tag="250"><subfield code="6">880-03</subfield><subfield code="a">al-&#7788;ab&#699;ah 1.</subfield></datafield><datafield ind1=" " ind2=" " tag="260"><subfield code="6">880-04</subfield><subfield code="a">Mi&#7779;r :</subfield><subfield code="b">Maktabat Nah&#7693;at Mi&#7779;r,</subfield><subfield code="c">[1955?]</subfield></datafield><datafield ind1=" " ind2=" " tag="300"><subfield code="a">online resource (587 p.)</subfield></datafield><datafield ind1=" " ind2=" " tag="500"><subfield code="a">Part of the Arabic Collections Online (ACO) project, contributed by New York Univeristy Libraries.</subfield></datafield><datafield ind1=" " ind2=" " tag="504"><subfield code="a">Includes bibliographical references.</subfield></datafield><datafield ind1=" " ind2=" " tag="533"><subfield code="a">Electronic reproduction.</subfield><subfield code="b">New York, N.Y. :</subfield><subfield code="c">New York University,</subfield><subfield code="d">2015.</subfield><subfield code="5">NNU</subfield></datafield><datafield ind1=" " ind2="0" tag="650"><subfield code="a">Arabic literature</subfield><subfield code="y">750-1258</subfield><subfield code="x">History and criticism.</subfield></datafield><datafield ind1="2" ind2=" " tag="710"><subfield code="a">New York University.</subfield><subfield code="b">Libraries.</subfield></datafield><datafield ind1="0" ind2=" " tag="730"><subfield code="a">Arabic Collections Online.</subfield></datafield><datafield ind1="0" ind2="8" tag="776"><subfield code="i">Print version:</subfield><subfield code="a">Badaw&#299;, A&#7717;mad A&#7717;mad 880-01</subfield><subfield code="t">al-&#7716;ay&#257;h al-adab&#299;yah f&#299; &#699;a&#7779;r al-&#7716;ur&#363;b al-&#7778;al&#299;b&#299;yah bi-Mi&#7779;r wa-al-Sh&#257;m</subfield><subfield code="w">(NNU)001696994</subfield></datafield><datafield ind1="4" ind2="0" tag="856"><subfield code="u">http://hdl.handle.net/2333.1/hdr7ssnw</subfield></datafield><datafield ind1="1" ind2=" " tag="880"><subfield code="6">100-01/</subfield><subfield code="a">&#1576;&#1583;&#1608;&#1609;&#1548; &#1571;&#1581;&#1605;&#1583; &#1571;&#1581;&#1605;&#1583;.</subfield></datafield><datafield ind1="1" ind2="2" tag="880"><subfield code="6">245-02/</subfield><subfield code="a">&#1575;&#1604;&#1581;&#1610;&#1575;&#1577; &#1575;&#1604;&#1571;&#1583;&#1576;&#1610;&#1577; &#1601;&#1609; &#1593;&#1589;&#1585; &#1575;&#1604;&#1581;&#1585;&#1608;&#1576; &#1575;&#1604;&#1589;&#1604;&#1610;&#1576;&#1610;&#1577; &#1576;&#1605;&#1589;&#1585; &#1608;&#1575;&#1604;&#1588;&#1575;&#1605; /</subfield><subfield code="c">&#1578;&#1571;&#1604;&#1610;&#1601; &#1571;&#1581;&#1605;&#1583; &#1571;&#1581;&#1605;&#1583; &#1576;&#1583;&#1608;&#1609;.</subfield></datafield><datafield ind1=" " ind2=" " tag="880"><subfield code="6">250-03/</subfield><subfield code="a">&#1575;&#1604;&#1591;&#1576;&#1593;&#1577; &#1633;.</subfield></datafield><datafield ind1=" " ind2=" " tag="880"><subfield code="6">260-04/</subfield><subfield code="a">&#1605;&#1589;&#1585; :</subfield><subfield code="b">&#1605;&#1603;&#1578;&#1576;&#1577; &#1606;&#1607;&#1590;&#1577; &#1605;&#1589;&#1585;&#1548;</subfield><subfield code="c">[&#1567;&#1633;&#1641;&#1637;&#1637;]</subfield></datafield><datafield ind1=" " ind2=" " tag="959"><subfield code="a">NNU</subfield><subfield code="b">WEB</subfield><subfield code="c">GENI</subfield><subfield code="t">0</subfield><subfield code="m">Electronic access</subfield><subfield code="s">01</subfield></datafield><datafield ind1=" " ind2=" " tag="999"><subfield code="i">NNU_001696994</subfield><subfield code="s">nyu_aco000293</subfield></datafield></record>